@book{balaji,
    title = "Bash Grader",
    author = "Balaji Karedla",
    publisher = "The MIT Press"
}